@article{Collier_Hoeffler_1998,
author = {Collier, Paul and Hoeffler, Anke},
title = {On economic causes of civil war},
journal = {Oxford Economic Papers},
volume = {50},
number = {4},
pages = {563-573},
year = {1998},
doi = {10.1093/oep/50.4.563},
URL = {http://dx.doi.org/10.1093/oep/50.4.563},
eprint = {/oup/backfile/content_public/journal/oep/50/4/10.1093_oep_50.4.563/2/50-4-563.pdf}
}

@article{Fearon_Laitin_2003, 
title={Ethnicity, Insurgency, and Civil War}, 
volume={97}, 
DOI={10.1017/S0003055403000534}, 
number={1}, 
journal={American Political Science Review}, 
publisher={Cambridge University Press}, 
author={Fearon, James D. and Laitin, David D.}, 
year={2003}, 
pages={75–90}
}

@article{Collier_Hoeffler_2004,
author = {Collier, Paul and Hoeffler, Anke},
title = {Greed and grievance in civil war},
journal = {Oxford Economic Papers},
volume = {56},
number = {4},
pages = {563-595},
year = {2004},
doi = {10.1093/oep/gpf064},
URL = {http://dx.doi.org/10.1093/oep/gpf064},
eprint = {/oup/backfile/content_public/journal/oep/56/4/10.1093_oep_gpf064/2/gpf064.pdf}
}

@article{Fearon_2004,
author = {James D. Fearon},
title ={Why Do Some Civil Wars Last So Much Longer than Others?},
journal = {Journal of Peace Research},
volume = {41},
number = {3},
pages = {275-301},
year = {2004},
doi = {10.1177/0022343304043770},
URL = { https://doi.org/10.1177/0022343304043770},
eprint = { https://doi.org/10.1177/0022343304043770},
}

@article{Ross_2004,
author = {Michael L. Ross},
title ={What Do We Know about Natural Resources and Civil War?},
journal = {Journal of Peace Research},
volume = {41},
number = {3},
pages = {337-356},
year = {2004},
doi = {10.1177/0022343304043773},
URL = {https://doi.org/10.1177/0022343304043773},
eprint = {https://doi.org/10.1177/0022343304043773},
}


@article{Fearon_2005,
author = {James D. Fearon},
title ={Primary Commodity Exports and Civil War},
journal = {Journal of Conflict Resolution},
volume = {49},
number = {4},
pages = {483-507},
year = {2005},
doi = {10.1177/0022002705277544},
URL = {https://doi.org/10.1177/0022002705277544},
eprint = {https://doi.org/10.1177/0022002705277544},
}

@article{Hegre_Sambanis_2006,
author = {Håvard Hegre and Nicholas Sambanis},
title ={Sensitivity Analysis of Empirical Results on Civil War Onset},
journal = {Journal of Conflict Resolution},
volume = {50},
number = {4},
pages = {508-535},
year = {2006},
doi = {10.1177/0022002706289303},
URL = {https://doi.org/10.1177/0022002706289303},
eprint = {https://doi.org/10.1177/0022002706289303},
}

@article{Vreeland_2008,
author = {James Raymond Vreeland},
title ={The Effect of Political Regime on Civil War: Unpacking Anocracy},
journal = {Journal of Conflict Resolution},
volume = {52},
number = {3},
pages = {401-425},
year = {2008},
doi = {10.1177/0022002708315594},
URL = {https://doi.org/10.1177/0022002708315594},
eprint = {https://doi.org/10.1177/0022002708315594},
}


@article{Goldstone_2010,
author = {Goldstone, Jack A. and Bates, Robert H. and Epstein, David L. and Gurr, Ted Robert and Lustik, Michael B. and Marshall, Monty G. and Ulfelder, Jay and Woodward, Mark},
title = {A Global Model for Forecasting Political Instability},
journal = {American Journal of Political Science},
volume = {54},
number = {1},
pages = {190-208},
year = {2010},
doi = {10.1111/j.1540-5907.2009.00426.x},
url = {https://onlinelibrary.wiley.com/doi/abs/10.1111/j.1540-5907.2009.00426.x},
eprint = {https://onlinelibrary.wiley.com/doi/pdf/10.1111/j.1540-5907.2009.00426.x},
}

@article{Blattman_Miguel_2010,
Author = {Blattman, Christopher and Miguel, Edward},
Title = {Civil War},
Journal = {Journal of Economic Literature},
Volume = {48},
Number = {1},
Year = {2010},
Month = {March},
Pages = {3-57},
DOI = {10.1257/jel.48.1.3},
URL = {http://www.aeaweb.org/articles?id=10.1257/jel.48.1.3}
}

@article{Cederman_Weidmann_Gleditsch_2011, 
title={Horizontal Inequalities and Ethnonationalist Civil War: A Global Comparison}, volume={105}, 
DOI={10.1017/S0003055411000207}, 
number={3}, 
journal={American Political Science Review}, 
publisher={Cambridge University Press}, 
author={Cederman, Lars-Erik and Weidmann, Nils B. and Gleditsch, Kristian Skrede}, year={2011}, 
pages={478–495}
}

@article{Beardsley_McQuinn_2009,
author = {Kyle Beardsley and Brian McQuinn},
title ={Rebel Groups as Predatory Organizations: The Political Effects of the 2004 Tsunami in Indonesia and Sri Lanka},
journal = {Journal of Conflict Resolution},
volume = {53},
number = {4},
pages = {624-645},
year = {2009},
doi = {10.1177/0022002709336460},
URL = {https://doi.org/10.1177/0022002709336460},
eprint = {https://doi.org/10.1177/0022002709336460},
}

@article{Buhaug_Gates_Lujala_2009,
author = {Halvard Buhaug and Scott Gates and Päivi Lujala},
title ={Geography, Rebel Capability, and the Duration of Civil Conflict},
journal = {Journal of Conflict Resolution},
volume = {53},
number = {4},
pages = {544-569},
year = {2009},
doi = {10.1177/0022002709336457},
URL = {https://doi.org/10.1177/0022002709336457},
eprint = {https://doi.org/10.1177/0022002709336457},
}

@article{Cederman_Buhaug_Roed_2009,
author = {Lars-Erik Cederman and Halvard Buhaug and Jan Ketil Rød},
title ={Ethno-Nationalist Dyads and Civil War: A GIS-Based Analysis},
journal = {Journal of Conflict Resolution},
volume = {53},
number = {4},
pages = {496-525},
year = {2009},
doi = {10.1177/0022002709336455},
URL = {https://doi.org/10.1177/0022002709336455},
eprint = {https://doi.org/10.1177/0022002709336455},
}

@article{Cederman_Gleditsch_2009,
author = {Lars-Erik Cederman and Kristian Skrede Gleditsch},
title ={Introduction to Special Issue on “Disaggregating Civil War”},
journal = {Journal of Conflict Resolution},
volume = {53},
number = {4},
pages = {487-495},
year = {2009},
doi = {10.1177/0022002709336454},
URL = {https://doi.org/10.1177/0022002709336454},
eprint = {https://doi.org/10.1177/0022002709336454},
}

@article{Cunningham_Gleditsch_Salehyan_2009,
author = {David E. Cunningham and Kristian Skrede Gleditsch and Idean Salehyan},
title ={It Takes Two: A Dyadic Analysis of Civil War Duration and Outcome},
journal = {Journal of Conflict Resolution},
volume = {53},
number = {4},
pages = {570-597},
year = {2009},
doi = {10.1177/0022002709336458},
URL = {https://doi.org/10.1177/0022002709336458},
eprint = {https://doi.org/10.1177/0022002709336458},
}

@article{Hegre_Oestby_Raleigh_2009,
author = {Håvard Hegre and Gudrun Østby and Clionadh Raleigh},
title ={Poverty and Civil War Events: A Disaggregated Study of Liberia},
journal = {Journal of Conflict Resolution},
volume = {53},
number = {4},
pages = {598-623},
year = {2009},
doi = {10.1177/0022002709336459},
URL = {https://doi.org/10.1177/0022002709336459},
eprint = {https://doi.org/10.1177/0022002709336459},
}

@article{Weidmann_2009,
author = {Nils B. Weidmann},
title ={Geography as Motivation and Opportunity: Group Concentration and Ethnic Conflict},
journal = {Journal of Conflict Resolution},
volume = {53},
number = {4},
pages = {526-543},
year = {2009},
doi = {10.1177/0022002709336456},
URL = {https://doi.org/10.1177/0022002709336456},
eprint = {https://doi.org/10.1177/0022002709336456},
}

@book{Cederman_Gleditsch_Buhaug_2013,
title={Inequality, grievances, and civil war},
author={Cederman, Lars-Erik and Gleditsch, Kristian Skrede and Buhaug, Halvard},
year={2013},
publisher={Cambridge University Press}
}

@article{Buhaug_2010,
author = {Halvard Buhaug},
title ={Dude, Where’s My Conflict?: LSG, Relative Strength, and the Location of Civil War},
journal = {Conflict Management and Peace Science},
volume = {27},
number = {2},
pages = {107-128},
year = {2010},
doi = {10.1177/0738894209343974},
URL = {https://doi.org/10.1177/0738894209343974},
eprint = {https://doi.org/10.1177/0738894209343974},
}

@incollection{Kalyvas_2007,
author = {Stathis N. Kalyvas},
title={Civil Wars},
booktitle={The Oxford handbook of comparative politics},
editor={Boix, Carles and Stokes, Susan Carol},
isbn={978-0-19-956602-2},
volume={4},
year={2007},
publisher={Oxford Handbooks of Political},
chapter = {18},
pages={417-434},
}

@book{Skocpol_1979,
title={States and social revolutions: A comparative analysis of France, Russia and China},
author={Skocpol, Theda},
year={1979},
publisher={Cambridge University Press}
}

@book{Gurr_1970,
title={Why men rebel},
author={Gurr, Ted Robert},
year={1970},
publisher={Routledge}
}

@book{Kalyvas_2006,
title={The logic of violence in civil war},
author={Kalyvas, Stathis N},
year={2006},
publisher={Cambridge University Press}
}

@book{Mcelreath_2018,
title={Statistical Rethinking: A Bayesian Course with Examples in R and Stan},
author={McElreath, Richard},
year={2018},
publisher={CRC Press}
}

@book{Gelman_2013,
title={Bayesian data analysis - third edition},
author={Gelman, Andrew and Stern, Hal S and Carlin, John B and Dunson, David B and Vehtari, Aki and Rubin, Donald B},
year={2013},
publisher={Chapman and Hall/CRC}
}

@book{Gelman_2006,
title={Data analysis using regression and multilevel/hierarchical models},
author={Gelman, Andrew and Hill, Jennifer},
year={2007},
publisher={Cambridge university press}
}

@article {Chen_Nordhuas_2011,
	author = {Chen, Xi and Nordhaus, William D.},
	title = {Using luminosity data as a proxy for economic statistics},
	volume = {108},
	number = {21},
	pages = {8589--8594},
	year = {2011},
	doi = {10.1073/pnas.1017031108},
	publisher = {National Academy of Sciences},
	issn = {0027-8424},
	URL = {http://www.pnas.org/content/108/21/8589},
	eprint = {http://www.pnas.org/content/108/21/8589.full.pdf},
	journal = {Proceedings of the National Academy of Sciences}
}

@article {Elvidge_2009,
title = {A global poverty map derived from satellite data},
journal = {Computers \& Geosciences},
volume = {35},
number = {8},
pages = {1652 - 1660},
year = {2009},
issn = {0098-3004},
doi = {https://doi.org/10.1016/j.cageo.2009.01.009},
url = {http://www.sciencedirect.com/science/article/pii/S0098300409001253},
author = {Christopher D. Elvidge and Paul C. Sutton and Tilottama Ghosh and Benjamin T. Tuttle and Kimberly E. Baugh and Budhendra Bhaduri and Edward Bright},
}

@article {Nordhaus_2006,
	author = {Nordhaus, William D.},
	title = {Geography and macroeconomics: New data and new findings},
	volume = {103},
	number = {10},
	pages = {3510--3517},
	year = {2006},
	doi = {10.1073/pnas.0509842103},
	publisher = {National Academy of Sciences},
	issn = {0027-8424},
	URL = {http://www.pnas.org/content/103/10/3510},
	eprint = {http://www.pnas.org/content/103/10/3510.full.pdf},
	journal = {Proceedings of the National Academy of Sciences},
}

@article {prio_code_2015,
    author = {Tollefsen, Andreas Forø, Karim Bahgat, Jonas Nordkvelle and Halvard Buhaug},
    title = {PRIO-GRID v.2.0 Codebook},
    year = {2015},
    publisher = {Peace Research Institute Oslo},
    journal = {Oslo},

}

@article{Elvidge_2014,
  title={National trends in satellite-observed lighting},
  author={Elvidge, Christopher D and Hsu, Feng-Chi and Baugh, Kimberly E and Ghosh, Tilottama},
  journal={Global urban monitoring and assessment through earth observation},
  volume={23},
  pages={97--118},
  year={2014},
  publisher={CRC Press Boca Raton}
}

@article{Goldstone_2001,
  title={Toward a fourth generation of revolutionary theory},
  author={Goldstone, Jack A},
  journal={Annual review of political science},
  volume={4},
  number={1},
  pages={139--187},
  year={2001},
  publisher={Annual Reviews 4139 El Camino Way, PO Box 10139, Palo Alto, CA 94303-0139, USA}
}


@article{Vogt_2015,
author = {Manuel Vogt and Nils-Christian Bormann and Seraina Rüegger and Lars-Erik Cederman and Philipp Hunziker and Luc Girardin},
title ={Integrating Data on Ethnicity, Geography, and Conflict: The Ethnic Power Relations Data Set Family},
journal = {Journal of Conflict Resolution},
volume = {59},
number = {7},
pages = {1327-1342},
year = {2015},
doi = {10.1177/0022002715591215},
URL = {https://doi.org/10.1177/0022002715591215},
}


@book{Diamond_1998,
  title={Guns, germs and steel: a short history of everybody for the last 13,000 years},
  author={Diamond, Jared M},
  year={1998},
  publisher={Random House}
}


@article{Weidmann_2010,
  title={The geography of the international system: The CShapes dataset},
  author={Weidmann, Nils B and Kuse, Doreen and Gleditsch, Kristian Skrede},
  journal={International Interactions},
  volume={36},
  number={1},
  pages={86--106},
  year={2010},
  publisher={Taylor \& Francis}
}

@article{Blimes_2006,
  title={The indirect effect of ethnic heterogeneity on the likelihood of civil war onset},
  author={Blimes, Randall J},
  journal={Journal of Conflict Resolution},
  volume={50},
  number={4},
  pages={536--547},
  year={2006},
  publisher={Sage Publications Sage CA: Thousand Oaks, CA}
}

@article{Blyth_2002,
  title={Mountain watch: environmental change \& sustainable development in mountains},
  author={Blyth, Simon and Groombridge, Brian and Lysenko, Igor and Miles, Lera and Newton, Adrian},
  journal={Cambridge, UK: UNEP World Conservation Monitoring Centre},
  year={2002}
}

@article{Sundberg_2013,
  title={Introducing the UCDP georeferenced event dataset},
  author={Sundberg, Ralph and Melander, Erik},
  journal={Journal of Peace Research},
  volume={50},
  number={4},
  pages={523--532},
  year={2013},
  publisher={Sage Publications Sage UK: London, England}
}

@article{Croicu_Sundberg_2017,
  title={UCDP GED Codebook version 18.1},
  author={Croicu, Mihai and Sundberg, Ralph},
  journal={Department of Peace and Conflict Research, Uppsala University},
  year={2017}
}

@misc{UCDP_2017,
  author={UCDP},
  title  = {UCDP Georeferenced Event Dataset (GED) Global version 18.1},
  year={2017},
  howpublished = {http://www.ucdp.uu.se/downloads/},
  note = {Accessed: 2018-11-13},
}

@article{Tollefsen_2012,
  title={PRIO-GRID: A unified spatial data structure},
  author={Tollefsen, Andreas For{\o} and Strand, H{\aa}vard and Buhaug, Halvard},
  journal={Journal of Peace Research},
  volume={49},
  number={2},
  pages={363--374},
  year={2012},
  publisher={Sage Publications Sage UK: London, England}
}

@article{Tollefsen_2016,
  title={PRIO-GRID codebook V.2.0},
  author={Tollefsen, Andreas For{\o} and Bahgat, Karim and Nordkvelle, Jonas and Buhaug, Halvard},
  journal={Oslo: PRIO},
  year={2016}
}

@article{Girardin_2015,
  title={Growup-Geographical Research on War, Unified Platform},
  author={Girardin, Luc and Hunziker, Philipp and Cederman, Lars-Erik and Bormann, Nils-Christian and Vogt, Manuel},
  journal={ETH Zurich. http://growup. ethz. ch},
  year={2015}
}

@article{Gurr_1995,
  title={Minorities at risk- a global view of ethnopolitical conflicts},
  author={Gurr, Ted Robert},
  journal={UNITED STATES INSTITUTE OF PEACE PRESS, ARLINGTON, VA 22210(USA). 1995.},
  year={1995}
}

@article{Schrodt_2014,
  title={Seven deadly sins of contemporary quantitative political analysis},
  author={Schrodt, Philip A},
  journal={Journal of Peace Research},
  volume={51},
  number={2},
  pages={287--300},
  year={2014},
  publisher={Sage Publications Sage UK: London, England}
}

@article{Ward_Greenhill_Bakke_2010,
author = {Michael D Ward and Brian D Greenhill and Kristin M Bakke},
title ={The perils of policy by p-value: Predicting civil conflicts},
journal = {Journal of Peace Research},
volume = {47},
number = {4},
pages = {363-375},
year = {2010},
doi = {10.1177/0022343309356491},
URL = {https://doi.org/10.1177/0022343309356491},
eprint = {https://doi.org/10.1177/0022343309356491},
}

@article{King_Zeng_2001,
  title={Improving forecasts of state failure},
  author={King, Gary and Zeng, Langche},
  journal={World Politics},
  volume={53},
  number={4},
  pages={623--658},
  year={2001},
  publisher={Cambridge University Press}
}

@book{Hobbes_1991,
  title={Leviathan. Cambridge texts in the history of political thought},
  author={Hobbes, Thomas},
  publisher={New York: Cambridge University Press},
  year={1991[1651]},
  note={edited by Richard Tuck},
}

@article{Gartzke_1999,
  title={War is in the Error Term},
  author={Gartzke, Erik},
  journal={International Organization},
  volume={53},
  number={3},
  pages={567--587},
  year={1999},
  publisher={Cambridge University Press}
}

@article{Lipset_1959,
  title={Some social requisites of democracy: Economic development and political legitimacy},
  author={Lipset, Seymour Martin},
  journal={American political science review},
  volume={53},
  number={1},
  pages={69--105},
  year={1959},
  publisher={Cambridge University Press}
}

@inproceedings{Chen_2016,
  title={Xgboost: A scalable tree boosting system},
  author={Chen, Tianqi and Guestrin, Carlos},
  booktitle={Proceedings of the 22nd acm sigkdd international conference on knowledge discovery and data mining},
  pages={785-794},
  year={2016},
  organization={ACM}
}

@book{Friedman_2001,
  title={The elements of statistical learning},
  author={Friedman, Jerome and Hastie, Trevor and Tibshirani, Robert},
  year={2001},
  publisher={Springer series in statistics New York, NY, USA:}
}

@article{He_2008,
  title={Learning from imbalanced data},
  author={He, Haibo and Garcia, Edwardo A},
  journal={IEEE Transactions on Knowledge \& Data Engineering},
  number={9},
  pages={1263-1284},
  year={2008},
  publisher={Ieee}
}

@article{king_zeng_2001b, 
title={Explaining Rare Events in International Relations}, 
volume={55}, 
DOI={10.1162/00208180152507597}, 
number={3}, 
journal={International Organization}, 
publisher={Cambridge University Press}, 
author={King, Gary and Zeng, Langche}, 
year={2001}, 
pages={693–715}}

@article{perry_2013,
  title={Machine learning and conflict prediction: a use case},
  author={Perry, Chris},
  journal={Stability: International Journal of Security \& Development},
  volume={56}, 
  number={2(3)}, 
  year={2013}
}

@misc{ohchr2012nepal,
  title={Nepal Conflict Report},
  author={OHCHR, UN},
  year={2012},
  publisher={United Nations Office of the High Commissioner for Human Rights Geneva}
}

@article{gelfand2012hierarchical,
  title={Hierarchical modeling for spatial data problems},
  author={Gelfand, Alan E},
  journal={Spatial statistics},
  volume={1},
  pages={30-39},
  year={2012},
  publisher={Elsevier}
}

@article{gelfand2016spatial,
  title={Spatial statistics and Gaussian processes: A beautiful marriage},
  author={Gelfand, Alan E and Schliep, Erin M},
  journal={Spatial Statistics},
  volume={18},
  pages={86-104},
  year={2016},
  publisher={Elsevier}
}

@article{gelfand2003spatial,
  title={Spatial modeling with spatially varying coefficient processes},
  author={Gelfand, Alan E and Kim, Hyon-Jung and Sirmans, CF and Banerjee, Sudipto},
  journal={Journal of the American Statistical Association},
  volume={98},
  number={462},
  pages={387-396},
  year={2003},
  publisher={Taylor \& Francis}
}

@article{mueller_2016,
  title={Reading between the lines: Prediction of political violence using newspaper text},
  author={Mueller, Hannes Felix and Rauh, Christopher},
  journal={American Political Science Review},
  volume={2},
  number={112},
  pages={358-375},
  year={2016}
}

@article{chadefaux_2014,
  title={Early warning signals for war in the news},
  author={Chadefaux, Thomas},
  journal={Journal of Peace Research},
  volume={51},
  number={1},
  pages={5-18},
  year={2014},
  publisher={Sage Publications Sage UK: London, England}
}

@article{mainwaring_2013,
  title={Democratic breakdown and survival},
  author={Mainwaring, Scott and P{\'e}rez-Li{\~n}{\'a}n, An{\'\i}bal},
  journal={Journal of Democracy},
  volume={24},
  number={2},
  pages={123-137},
  year={2013},
  publisher={Johns Hopkins University Press}
}

@article{bara_2017,
author = {Corinne Bara},
title ={Legacies of Violence: Conflict-specific Capital and the Postconflict Diffusion of Civil War},
journal = {Journal of Conflict Resolution},
volume = {62},
number = {9},
pages = {1991-2016},
year = {2018},
doi = {10.1177/0022002717711501},

URL = {https://doi.org/10.1177/0022002717711501},
eprint = {https://doi.org/10.1177/0022002717711501}
}

@article{Maase,
  title = {A Modern Computational Approach to Conflict Prediction},
  author = {Simon Polichinel von der Maase},
  year = {2019},
  journal = {Unpublished Exam Paper, Free Assigment 12.5 ECTS, UCPH}
}

@article{SPECIALE,
  title = {Where Men Rebel: A Modern Approach to Conflict Forecasting},
  author = {Simon Polichinel von der Maase},
  year = {2019},
  journal = {Unpublished Master Thesis, Still in process, UCPH}
}


@article{buhaug2008contagion,
  title={Contagion or confusion? Why conflicts cluster in space},
  author={Buhaug, Halvard and Gleditsch, Kristian Skrede},
  journal={International Studies Quarterly},
  volume={52},
  number={2},
  pages={215--233},
  year={2008},
  publisher={Blackwell Publishing Oxford, UK}
}

@article{ol2010afghanistan,
  title={The Afghanistan-Pakistan wars, 2008-2009: Micro-geographies, conflict diffusion, and clusters of violence},
  author={O'Loughlin, John and Witmer, Frank DW and Linke, Andrew M},
  journal={Eurasian Geography and Economics},
  volume={51},
  number={4},
  pages={437--471},
  year={2010},
  publisher={Taylor \& Francis Group}
}

@article{schutte2011diffusion,
  title={Diffusion patterns of violence in civil wars},
  author={Schutte, Sebastian and Weidmann, Nils B},
  journal={Political Geography},
  volume={30},
  number={3},
  pages={143--152},
  year={2011},
  publisher={Elsevier}
}

@article{black2013,
  title={When have violent civil conflicts spread? Introducing a dataset of substate conflict contagion},
  author={Black, Nathan},
  journal={Journal of Peace Research},
  volume={50},
  number={6},
  pages={751--759},
  year={2013},
  publisher={Sage Publications Sage UK: London, England}
}

@techreport{crost2015conflict,
  title={Is Conflict Contagious? Evidence from a Natural Experiment},
  author={Crost, Benjamin and Felter, Joseph and others},
  year={2015},
  institution={Households in Conflict Network}
}

@book{williams2006gaussian,
  title={Gaussian processes for machine learning},
  author={Williams, Christopher KI and Rasmussen, Carl Edward},
  volume={2},
  year={2006},
  publisher={MIT Press Cambridge, MA}
}

@book{king1994designing,
  title={Designing social inquiry: Scientific inference in qualitative research},
  author={King, Gary and Keohane, Robert O and Verba, Sidney},
  year={1994},
  publisher={Princeton university press}
}

@article{Hegre2013,
    author = {Hegre, Håvard and Nygård, Håvard Mokleiv and Karlsen, Joakim and Strand, Håvard and Urdal, Henrik},
    title = "{Predicting Armed Conflict, 2010–2050}",
    journal = {International Studies Quarterly},
    volume = {57},
    number = {2},
    pages = {250-270},
    year = {2013},
    month = {06},
    issn = {0020-8833},
    doi = {10.1111/isqu.12007},
    url = {https://doi.org/10.1111/isqu.12007},
    eprint = {http://oup.prod.sis.lan/isq/article-pdf/57/2/250/5056073/57-2-250.pdf},
}

@article{chadefaux2017conflict,
  title={Conflict forecasting and its limits},
  author={Chadefaux, Thomas},
  journal={Data Science},
  volume={1},
  number={1-2},
  pages={7--17},
  year={2017},
  publisher={IOS Press}
}

@article{cederman2017predicting,
  title={Predicting armed conflict: Time to adjust our expectations?},
  author={Cederman, Lars-Erik and Weidmann, Nils B},
  journal={Science},
  volume={355},
  number={6324},
  pages={474--476},
  year={2017},
  publisher={American Association for the Advancement of Science}
}

@misc{francois2017deep,
  title={Deep learning with Python},
  author={Francois, Chollet},
  year={2017},
  publisher={Manning Publications Company}
}

@article{grimmer2013text,
  title={Text as data: The promise and pitfalls of automatic content analysis methods for political texts},
  author={Grimmer, Justin and Stewart, Brandon M},
  journal={Political analysis},
  volume={21},
  number={3},
  pages={267--297},
  year={2013},
  publisher={Cambridge University Press}
}

@book{foster2016big,
  title={Big data and social science: A practical guide to methods and tools},
  author={Foster, Ian and Ghani, Rayid and Jarmin, Ron S and Kreuter, Frauke and Lane, Julia},
  year={2016},
  publisher={Chapman and Hall/CRC}
}

@article{weidmann_ward_2010predicting,
author = {Nils B. Weidmann and Michael D. Ward},
title ={Predicting Conflict in Space and Time},
journal = {Journal of Conflict Resolution},
volume = {54},
number = {6},
pages = {883-901},
year = {2010},
doi = {10.1177/0022002710371669},

URL = {https://doi.org/10.1177/0022002710371669},
eprint = {https://doi.org/10.1177/0022002710371669}
}

@book{elshtain1995women,
  title={Women and war},
  author={Elshtain, Jean Bethke},
  year={1995},
  publisher={University of Chicago Press}
}

@book{elshtain1993public,
  title={Public man, private woman: Women in social and political thought},
  author={Elshtain, Jean Bethke},
  year={1993},
  publisher={Princeton University Press}
}

@article{carpenter2003women,
  title={‘Women and children first’: gender, norms, and humanitarian evacuation in the Balkans 1991--95},
  author={Carpenter, R Charli},
  journal={International Organization},
  volume={57},
  number={4},
  pages={661--694},
  year={2003},
  publisher={Cambridge University Press}
}

@article{hansen2000gender,
  title={Gender, nation, rape: Bosnia and the construction of security},
  author={Hansen, Lene},
  journal={International Feminist Journal of Politics},
  volume={3},
  number={1},
  pages={55--75},
  year={2000},
  publisher={Taylor \& Francis}
}

@article{hansen2000little,
  title={The Little Mermaid's silent security dilemma and the absence of gender in the Copenhagen School},
  author={Hansen, Lene},
  journal={Millennium},
  volume={29},
  number={2},
  pages={285--306},
  year={2000},
  publisher={Sage Publications Sage UK: London, England}
}

@misc{bodies,
  title={PhD scholarship within the Research Project “Bodies as Battleground: Gender Images and International Security” in the Department of Political Science, University of Copenhagen},
  author={Hansen, Lene},
  year={2019},
  publisher={University of copenhagen},
  note = {Accessed 22-09-2019},
  URL = {https://jobportal.ku.dk/phd/?show=149719},
}

@misc{williams2019images,
author = {Williams, Nora Webb and Casa, Andreu and Wilkerson, John D.},
title = {An Introduction to Images as Data for Social Science Research},
year  = {2019},
publisher = {yet unpublished}
}